<record><leader>00000cas a22000007a 4500</leader><controlfield tag="001">17364392</controlfield><controlfield tag="008">880120c19099999nyuwr ne      0    0eng d</controlfield><datafield ind1=" " ind2=" " tag="010"><subfield code="a">sn 88074028 </subfield></datafield><datafield ind1=" " ind2=" " tag="040"><subfield code="a">NYG</subfield><subfield code="b">eng</subfield><subfield code="c">NYG</subfield><subfield code="d">NYS</subfield><subfield code="d">MGN</subfield><subfield code="d">NYS</subfield><subfield code="d">OCLCQ</subfield></datafield><datafield ind1=" " ind2=" " tag="042"><subfield code="a">msc</subfield></datafield><datafield ind1="0" ind2="0" tag="245"><subfield code="a">Citizen herald.</subfield></datafield><datafield ind1="1" ind2="3" tag="246"><subfield code="a">Walden citizen herald</subfield></datafield><datafield ind1=" " ind2=" " tag="260"><subfield code="a">Walden, N.Y. :</subfield><subfield code="b">Randles</subfield></datafield><datafield ind1=" " ind2=" " tag="300"><subfield code="a">v.</subfield></datafield><datafield ind1=" " ind2=" " tag="310"><subfield code="a">Weekly,</subfield><subfield code="b">&lt;June 13, 1918&gt;-</subfield></datafield><datafield ind1=" " ind2=" " tag="321"><subfield code="a">Semiweekly,</subfield><subfield code="b">&lt;June 21, 1912&gt;-</subfield></datafield><datafield ind1="1" ind2=" " tag="362"><subfield code="a">Began in 1909.</subfield></datafield><datafield ind1=" " ind2=" " tag="500"><subfield code="a">Publisher: Pekins Print. Co., &lt;Jan. 7, 1926&gt;- ; Citizen Herald, &lt;June 9, 1976&gt;-</subfield></datafield><datafield ind1=" " ind2=" " tag="530"><subfield code="a">Microfilm available from Hudson Micrographics.</subfield></datafield><datafield ind1=" " ind2=" " tag="588"><subfield code="a">Description based on: Vol. 1, no. 50 (June 21, 1912).</subfield></datafield><datafield ind1=" " ind2="4" tag="651"><subfield code="a">Walden (Orange County, N.Y.)</subfield><subfield code="v">Newspapers.</subfield></datafield><datafield ind1=" " ind2=" " tag="752"><subfield code="a">United States</subfield><subfield code="b">New York</subfield><subfield code="c">Orange</subfield><subfield code="d">Walden.</subfield></datafield><datafield ind1="0" ind2="4" tag="780"><subfield code="t">Walden citizen</subfield><subfield code="w">(DLC)sn 85054446</subfield></datafield><datafield ind1="0" ind2="4" tag="780"><subfield code="t">Walden herald</subfield><subfield code="w">(DLC)sn 91066922</subfield><subfield code="w">(OCoLC)24296294</subfield></datafield><datafield ind1="1" ind2=" " tag="029"><subfield code="a">AU@</subfield><subfield code="b">000025829251</subfield></datafield></record>